{
    "config": {"view": {"continuousWidth": 400, "continuousHeight": 300}},
    "data": {"name": "data-214578d01ef45812f0728f0ea430a576"},
    "mark": {"type": "circle", "size": 100},
    "encoding": {
      "color": {"field": "store_id", "legend": null, "type": "nominal"},
      "x": {"field": "price", "title": "Price (£)", "type": "quantitative"},
      "y": {"field": "store_id", "title": "", "type": "nominal"},
    "tooltip": [
        {"field": "date", "type": "temporal", "title": "Year"},
        {"field": "price", "type": "quantitative", "title": "Price (£)"}
      ],
      "opacity": {
        "condition": {
          "selection": "hover",
          "value": 1
        },
        "value": 0.5
      }
      },
       "selection": {
      "hover": {
        "type": "single",
        "on": "mouseover",
        "empty": "all",
        "fields": ["price", "store_id"]
      }
    },
    "height": 400,
    "title": {
      "text": "Dry pasta prices by store",
      "subtitle": ["Most recent price for each product", "Source: AutoCPI data"],
      "anchor": "start"
    },
    "width": 500,
    "$schema": "https://vega.github.io/schema/vega-lite/v4.17.0.json",
    "datasets": {
      "data-214578d01ef45812f0728f0ea430a576": [
        {
          "date": "2023-08-12",
          "price": 0.75,
          "unit_price": null,
          "loyalty_price": null,
          "original_price": null,
          "store_id": "Store 7",
          "product_id": 32920,
          "cpi_id": 210204,
          "cpi_name": "dry spaghetti or pasta 500g"
        },
        {
          "date": "2023-08-08",
          "price": 4,
          "unit_price": "£10.53/kg",
          "loyalty_price": null,
          "original_price": null,
          "store_id": "Store 1",
          "product_id": 7675,
          "cpi_id": 210204,
          "cpi_name": "dry spaghetti or pasta 500g"
        },
        {
          "date": "2023-08-08",
          "price": 4,
          "unit_price": "£10.00/kg",
          "loyalty_price": null,
          "original_price": null,
          "store_id": "Store 1",
          "product_id": 7676,
          "cpi_id": 210204,
          "cpi_name": "dry spaghetti or pasta 500g"
        },
        {
          "date": "2023-08-06",
          "price": 3,
          "unit_price": " £6.67/kg",
          "loyalty_price": null,
          "original_price": null,
          "store_id": "Store 5",
          "product_id": 34747,
          "cpi_id": 210204,
          "cpi_name": "dry spaghetti or pasta 500g"
        },
        {
          "date": "2023-08-06",
          "price": 0.85,
          "unit_price": "0.213 per 100g",
          "loyalty_price": null,
          "original_price": null,
          "store_id": "Store 3",
          "product_id": 243520,
          "cpi_id": 210204,
          "cpi_name": "dry spaghetti or pasta 500g"
        },
        {
          "date": "2023-08-06",
          "price": 0.95,
          "unit_price": "2.41 per kg",
          "loyalty_price": null,
          "original_price": null,
          "store_id": "Store 3",
          "product_id": 172514,
          "cpi_id": 210204,
          "cpi_name": "dry spaghetti or pasta 500g"
        },
        {
          "date": "2023-09-04",
          "price": 0.85,
          "unit_price": "£2.13 / kg",
          "loyalty_price": null,
          "original_price": null,
          "store_id": "Store 4",
          "product_id": 24934,
          "cpi_id": 210204,
          "cpi_name": "dry spaghetti or pasta 500g"
        },
        {
          "date": "2023-11-28",
          "price": 5.5,
          "unit_price": "73.3p/100g",
          "loyalty_price": null,
          "original_price": null,
          "store_id": "Store 2",
          "product_id": 9963,
          "cpi_id": 210204,
          "cpi_name": "dry spaghetti or pasta 500g"
        },
        {
          "date": "2023-11-28",
          "price": 5.5,
          "unit_price": "73.3p/100g",
          "loyalty_price": null,
          "original_price": null,
          "store_id": "Store 2",
          "product_id": 10834,
          "cpi_id": 210204,
          "cpi_name": "dry spaghetti or pasta 500g"
        },
        {
          "date": "2024-02-24",
          "price": 0.28,
          "unit_price": "56.0p/kg",
          "loyalty_price": null,
          "original_price": null,
          "store_id": "Store 1",
          "product_id": 192185,
          "cpi_id": 210204,
          "cpi_name": "dry spaghetti or pasta 500g"
        },
        {
          "date": "2024-03-05",
          "price": 4,
          "unit_price": "£1.33 per 1 kilogram",
          "loyalty_price": null,
          "original_price": null,
          "store_id": "Store 7",
          "product_id": 146467,
          "cpi_id": 210204,
          "cpi_name": "dry spaghetti or pasta 500g"
        },
        {
          "date": "2024-10-07",
          "price": 0.85,
          "unit_price": "6.54 / kg",
          "loyalty_price": null,
          "original_price": null,
          "store_id": "Store 5",
          "product_id": 225555,
          "cpi_id": 210204,
          "cpi_name": "dry spaghetti or pasta 500g"
        },
        {
          "date": "2024-10-04",
          "price": 0.75,
          "unit_price": "1.5 / kg",
          "loyalty_price": null,
          "original_price": null,
          "store_id": "Store 5",
          "product_id": 87030,
          "cpi_id": 210204,
          "cpi_name": "dry spaghetti or pasta 500g"
        },
        {
          "date": "2024-10-13",
          "price": 3.25,
          "unit_price": "8.12 / kg",
          "loyalty_price": null,
          "original_price": null,
          "store_id": "Store 5",
          "product_id": 68043,
          "cpi_id": 210204,
          "cpi_name": "dry spaghetti or pasta 500g"
        },
        {
          "date": "2024-10-23",
          "price": 1.49,
          "unit_price": "3.72 / kg",
          "loyalty_price": null,
          "original_price": null,
          "store_id": "Store 5",
          "product_id": 116257,
          "cpi_id": 210204,
          "cpi_name": "dry spaghetti or pasta 500g"
        },
        {
          "date": "2024-10-27",
          "price": 1.7,
          "unit_price": "3.4 / kg",
          "loyalty_price": null,
          "original_price": null,
          "store_id": "Store 5",
          "product_id": 102392,
          "cpi_id": 210204,
          "cpi_name": "dry spaghetti or pasta 500g"
        },
        {
          "date": "2024-10-31",
          "price": 1.49,
          "unit_price": "3.72 / kg",
          "loyalty_price": null,
          "original_price": null,
          "store_id": "Store 5",
          "product_id": 45497,
          "cpi_id": 210204,
          "cpi_name": "dry spaghetti or pasta 500g"
        },
        {
          "date": "2024-10-19",
          "price": 0.69,
          "unit_price": "0.14 / 100g",
          "loyalty_price": null,
          "original_price": null,
          "store_id": "Store 5",
          "product_id": 55634,
          "cpi_id": 210204,
          "cpi_name": "dry spaghetti or pasta 500g"
        },
        {
          "date": "2024-10-11",
          "price": 3.25,
          "unit_price": "8.12 / kg",
          "loyalty_price": null,
          "original_price": null,
          "store_id": "Store 5",
          "product_id": 126936,
          "cpi_id": 210204,
          "cpi_name": "dry spaghetti or pasta 500g"
        },
        {
          "date": "2024-10-22",
          "price": 0.69,
          "unit_price": "0.14 / 100g",
          "loyalty_price": null,
          "original_price": null,
          "store_id": "Store 5",
          "product_id": 47901,
          "cpi_id": 210204,
          "cpi_name": "dry spaghetti or pasta 500g"
        },
        {
          "date": "2024-10-03",
          "price": 3.25,
          "unit_price": "8.12 / kg",
          "loyalty_price": null,
          "original_price": null,
          "store_id": "Store 5",
          "product_id": 225767,
          "cpi_id": 210204,
          "cpi_name": "dry spaghetti or pasta 500g"
        },
        {
          "date": "2024-11-08",
          "price": 1.2,
          "unit_price": "2.4 / kg",
          "loyalty_price": null,
          "original_price": null,
          "store_id": "Store 5",
          "product_id": 256059,
          "cpi_id": 210204,
          "cpi_name": "dry spaghetti or pasta 500g"
        },
        {
          "date": "2024-11-09",
          "price": 0.75,
          "unit_price": "1.5 / kg",
          "loyalty_price": null,
          "original_price": null,
          "store_id": "Store 5",
          "product_id": 70124,
          "cpi_id": 210204,
          "cpi_name": "dry spaghetti or pasta 500g"
        },
        {
          "date": "2024-04-04",
          "price": 3.75,
          "unit_price": "11.36 per kg",
          "loyalty_price": null,
          "original_price": null,
          "store_id": "Store 3",
          "product_id": 120864,
          "cpi_id": 210204,
          "cpi_name": "dry spaghetti or pasta 500g"
        },
        {
          "date": "2024-10-11",
          "price": 1.35,
          "unit_price": "4.5 / kg",
          "loyalty_price": 1.15,
          "original_price": null,
          "store_id": "Store 5",
          "product_id": 250340,
          "cpi_id": 210204,
          "cpi_name": "dry spaghetti or pasta 500g"
        },
        {
          "date": "2024-06-01",
          "price": 4.75,
          "unit_price": "11.88 per kg",
          "loyalty_price": null,
          "original_price": null,
          "store_id": "Store 3",
          "product_id": 229185,
          "cpi_id": 210204,
          "cpi_name": "dry spaghetti or pasta 500g"
        },
        {
          "date": "2024-04-14",
          "price": 1.35,
          "unit_price": "0.27 per 100g",
          "loyalty_price": null,
          "original_price": null,
          "store_id": "Store 3",
          "product_id": 136344,
          "cpi_id": 210204,
          "cpi_name": "dry spaghetti or pasta 500g"
        },
        {
          "date": "2024-05-19",
          "price": 0.28,
          "unit_price": "£0.56 / kg",
          "loyalty_price": null,
          "original_price": 0.28,
          "store_id": "Store 4",
          "product_id": 23461,
          "cpi_id": 210204,
          "cpi_name": "dry spaghetti or pasta 500g"
        },
        {
          "date": "2024-10-11",
          "price": 1.5,
          "unit_price": "£3.00/kg",
          "loyalty_price": null,
          "original_price": null,
          "store_id": "Store 1",
          "product_id": 115818,
          "cpi_id": 210204,
          "cpi_name": "dry spaghetti or pasta 500g"
        },
        {
          "date": "2024-08-06",
          "price": 3.5,
          "unit_price": "87.5p/100g",
          "loyalty_price": null,
          "original_price": null,
          "store_id": "Store 2",
          "product_id": 85518,
          "cpi_id": 210204,
          "cpi_name": "dry spaghetti or pasta 500g"
        },
        {
          "date": "2024-06-24",
          "price": 1.5,
          "unit_price": "3.0 per kg",
          "loyalty_price": null,
          "original_price": null,
          "store_id": "Store 3",
          "product_id": 152120,
          "cpi_id": 210204,
          "cpi_name": "dry spaghetti or pasta 500g"
        },
        {
          "date": "2024-08-13",
          "price": 0.75,
          "unit_price": "£1.50 / kg",
          "loyalty_price": null,
          "original_price": 0.75,
          "store_id": "Store 6",
          "product_id": 110851,
          "cpi_id": 210204,
          "cpi_name": "dry spaghetti or pasta 500g"
        },
        {
          "date": "2024-10-21",
          "price": 3.5,
          "unit_price": "£8.75/kg",
          "loyalty_price": null,
          "original_price": null,
          "store_id": "Store 2",
          "product_id": 103159,
          "cpi_id": 210204,
          "cpi_name": "dry spaghetti or pasta 500g"
        },
        {
          "date": "2024-05-16",
          "price": 1.55,
          "unit_price": "£3.88/kg",
          "loyalty_price": null,
          "original_price": null,
          "store_id": "Store 1",
          "product_id": 2518,
          "cpi_id": 210204,
          "cpi_name": "dry spaghetti or pasta 500g"
        },
        {
          "date": "2024-10-06",
          "price": 1.29,
          "unit_price": "1.29 / kg",
          "loyalty_price": null,
          "original_price": null,
          "store_id": "Store 5",
          "product_id": 105387,
          "cpi_id": 210204,
          "cpi_name": "dry spaghetti or pasta 500g"
        },
        {
          "date": "2024-09-09",
          "price": 0.9,
          "unit_price": "£2.28/kg",
          "loyalty_price": null,
          "original_price": null,
          "store_id": "Store 1",
          "product_id": 33657,
          "cpi_id": 210204,
          "cpi_name": "dry spaghetti or pasta 500g"
        },
        {
          "date": "2024-06-17",
          "price": 1.89,
          "unit_price": "4.73 per kg",
          "loyalty_price": null,
          "original_price": null,
          "store_id": "Store 3",
          "product_id": 144850,
          "cpi_id": 210204,
          "cpi_name": "dry spaghetti or pasta 500g"
        },
        {
          "date": "2024-06-06",
          "price": 1.25,
          "unit_price": "£1.67 per 1 kilogram",
          "loyalty_price": null,
          "original_price": null,
          "store_id": "Store 7",
          "product_id": 221489,
          "cpi_id": 210204,
          "cpi_name": "dry spaghetti or pasta 500g"
        },
        {
          "date": "2024-09-17",
          "price": 0.75,
          "unit_price": "£1.50 / kg",
          "loyalty_price": null,
          "original_price": 0.75,
          "store_id": "Store 6",
          "product_id": 198682,
          "cpi_id": 210204,
          "cpi_name": "dry spaghetti or pasta 500g"
        },
        {
          "date": "2024-04-06",
          "price": 0.72,
          "unit_price": "£0.55 / 100g",
          "loyalty_price": null,
          "original_price": 0.72,
          "store_id": "Store 4",
          "product_id": 22179,
          "cpi_id": 210204,
          "cpi_name": "dry spaghetti or pasta 500g"
        },
        {
          "date": "2024-07-13",
          "price": 0.75,
          "unit_price": "£1.50/kg",
          "loyalty_price": null,
          "original_price": null,
          "store_id": "Store 1",
          "product_id": 144869,
          "cpi_id": 210204,
          "cpi_name": "dry spaghetti or pasta 500g"
        },
        {
          "date": "2024-05-18",
          "price": 3.5,
          "unit_price": "£9.46 per 1 kilogram",
          "loyalty_price": null,
          "original_price": 4.25,
          "store_id": "Store 7",
          "product_id": 224257,
          "cpi_id": 210204,
          "cpi_name": "dry spaghetti or pasta 500g"
        },
        {
          "date": "2024-08-01",
          "price": 1.4,
          "unit_price": "£2.80 / kg",
          "loyalty_price": 1,
          "original_price": null,
          "store_id": "Store 6",
          "product_id": 93171,
          "cpi_id": 210204,
          "cpi_name": "dry spaghetti or pasta 500g"
        },
        {
          "date": "2024-09-29",
          "price": 0.75,
          "unit_price": "£1.50 / kg",
          "loyalty_price": null,
          "original_price": 0.75,
          "store_id": "Store 6",
          "product_id": 86964,
          "cpi_id": 210204,
          "cpi_name": "dry spaghetti or pasta 500g"
        },
        {
          "date": "2024-05-08",
          "price": 2,
          "unit_price": "£5.00 per 1 kilogram",
          "loyalty_price": null,
          "original_price": null,
          "store_id": "Store 7",
          "product_id": 256336,
          "cpi_id": 210204,
          "cpi_name": "dry spaghetti or pasta 500g"
        },
        {
          "date": "2024-04-16",
          "price": 2.5,
          "unit_price": "£6.25 per 1 kilogram",
          "loyalty_price": null,
          "original_price": null,
          "store_id": "Store 7",
          "product_id": 86029,
          "cpi_id": 210204,
          "cpi_name": "dry spaghetti or pasta 500g"
        },
        {
          "date": "2024-11-01",
          "price": 4.25,
          "unit_price": "10.62 / kg",
          "loyalty_price": null,
          "original_price": null,
          "store_id": "Store 5",
          "product_id": 104164,
          "cpi_id": 210204,
          "cpi_name": "dry spaghetti or pasta 500g"
        },
        {
          "date": "2024-05-13",
          "price": 3.5,
          "unit_price": "£8.75 per 1 kilogram",
          "loyalty_price": null,
          "original_price": 4.25,
          "store_id": "Store 7",
          "product_id": 181720,
          "cpi_id": 210204,
          "cpi_name": "dry spaghetti or pasta 500g"
        },
        {
          "date": "2024-07-27",
          "price": 1.7,
          "unit_price": "£3.40/kg",
          "loyalty_price": null,
          "original_price": null,
          "store_id": "Store 1",
          "product_id": 126252,
          "cpi_id": 210204,
          "cpi_name": "dry spaghetti or pasta 500g"
        },
        {
          "date": "2024-04-25",
          "price": 1.35,
          "unit_price": "£2.70 / kg",
          "loyalty_price": null,
          "original_price": 1.35,
          "store_id": "Store 6",
          "product_id": 177831,
          "cpi_id": 210204,
          "cpi_name": "dry spaghetti or pasta 500g"
        },
        {
          "date": "2024-05-18",
          "price": 0.5,
          "unit_price": "1.27 per kg",
          "loyalty_price": null,
          "original_price": null,
          "store_id": "Store 3",
          "product_id": 115148,
          "cpi_id": 210204,
          "cpi_name": "dry spaghetti or pasta 500g"
        },
        {
          "date": "2024-10-09",
          "price": 0.69,
          "unit_price": "0.14 / 100g",
          "loyalty_price": null,
          "original_price": null,
          "store_id": "Store 5",
          "product_id": 134088,
          "cpi_id": 210204,
          "cpi_name": "dry spaghetti or pasta 500g"
        },
        {
          "date": "2024-11-06",
          "price": 0.75,
          "unit_price": "1.5 / kg",
          "loyalty_price": null,
          "original_price": null,
          "store_id": "Store 5",
          "product_id": 109930,
          "cpi_id": 210204,
          "cpi_name": "dry spaghetti or pasta 500g"
        },
        {
          "date": "2024-07-21",
          "price": 0.75,
          "unit_price": "1.5 per kg",
          "loyalty_price": null,
          "original_price": null,
          "store_id": "Store 3",
          "product_id": 98944,
          "cpi_id": 210204,
          "cpi_name": "dry spaghetti or pasta 500g"
        },
        {
          "date": "2024-09-21",
          "price": 1.89,
          "unit_price": "4.73 per kg",
          "loyalty_price": null,
          "original_price": null,
          "store_id": "Store 3",
          "product_id": 219355,
          "cpi_id": 210204,
          "cpi_name": "dry spaghetti or pasta 500g"
        },
        {
          "date": "2024-06-22",
          "price": 0.75,
          "unit_price": "1.5 per kg",
          "loyalty_price": null,
          "original_price": null,
          "store_id": "Store 3",
          "product_id": 259066,
          "cpi_id": 210204,
          "cpi_name": "dry spaghetti or pasta 500g"
        },
        {
          "date": "2024-05-09",
          "price": 2,
          "unit_price": "£5.00 per 1 kilogram",
          "loyalty_price": null,
          "original_price": null,
          "store_id": "Store 7",
          "product_id": 74382,
          "cpi_id": 210204,
          "cpi_name": "dry spaghetti or pasta 500g"
        },
        {
          "date": "2024-08-15",
          "price": 1.5,
          "unit_price": "£1.50 / kg",
          "loyalty_price": null,
          "original_price": 1.5,
          "store_id": "Store 6",
          "product_id": 138293,
          "cpi_id": 210204,
          "cpi_name": "dry spaghetti or pasta 500g"
        },
        {
          "date": "2024-04-27",
          "price": 1.35,
          "unit_price": "£2.70/kg",
          "loyalty_price": null,
          "original_price": 2,
          "store_id": "Store 2",
          "product_id": 108009,
          "cpi_id": 210204,
          "cpi_name": "dry spaghetti or pasta 500g"
        },
        {
          "date": "2024-07-19",
          "price": 2.21,
          "unit_price": "£5.53/kg",
          "loyalty_price": null,
          "original_price": null,
          "store_id": "Store 1",
          "product_id": 15195,
          "cpi_id": 210204,
          "cpi_name": "dry spaghetti or pasta 500g"
        },
        {
          "date": "2024-08-10",
          "price": 1.9,
          "unit_price": "£3.80/kg",
          "loyalty_price": null,
          "original_price": null,
          "store_id": "Store 2",
          "product_id": 143724,
          "cpi_id": 210204,
          "cpi_name": "dry spaghetti or pasta 500g"
        },
        {
          "date": "2024-04-04",
          "price": 1.2,
          "unit_price": "2.4 per kg",
          "loyalty_price": null,
          "original_price": null,
          "store_id": "Store 3",
          "product_id": 253030,
          "cpi_id": 210204,
          "cpi_name": "dry spaghetti or pasta 500g"
        },
        {
          "date": "2024-09-24",
          "price": 3.75,
          "unit_price": "9.38 per kg",
          "loyalty_price": null,
          "original_price": null,
          "store_id": "Store 3",
          "product_id": 239978,
          "cpi_id": 210204,
          "cpi_name": "dry spaghetti or pasta 500g"
        },
        {
          "date": "2024-06-06",
          "price": 3,
          "unit_price": "£5.00 per 1 kilogram",
          "loyalty_price": null,
          "original_price": null,
          "store_id": "Store 7",
          "product_id": 100747,
          "cpi_id": 210204,
          "cpi_name": "dry spaghetti or pasta 500g"
        },
        {
          "date": "2024-07-10",
          "price": 3.25,
          "unit_price": "£8.12/kg",
          "loyalty_price": null,
          "original_price": null,
          "store_id": "Store 1",
          "product_id": 4230,
          "cpi_id": 210204,
          "cpi_name": "dry spaghetti or pasta 500g"
        },
        {
          "date": "2024-09-21",
          "price": 3.75,
          "unit_price": "9.38 per kg",
          "loyalty_price": null,
          "original_price": null,
          "store_id": "Store 3",
          "product_id": 267099,
          "cpi_id": 210204,
          "cpi_name": "dry spaghetti or pasta 500g"
        },
        {
          "date": "2024-10-07",
          "price": 0.35,
          "unit_price": "£0.07 / 100g",
          "loyalty_price": null,
          "original_price": 0.35,
          "store_id": "Store 4",
          "product_id": 23990,
          "cpi_id": 210204,
          "cpi_name": "dry spaghetti or pasta 500g"
        },
        {
          "date": "2024-10-07",
          "price": 0.75,
          "unit_price": "1.5 / kg",
          "loyalty_price": null,
          "original_price": null,
          "store_id": "Store 5",
          "product_id": 138168,
          "cpi_id": 210204,
          "cpi_name": "dry spaghetti or pasta 500g"
        },
        {
          "date": "2024-10-26",
          "price": 1.2,
          "unit_price": "2.4 / kg",
          "loyalty_price": null,
          "original_price": null,
          "store_id": "Store 5",
          "product_id": 146249,
          "cpi_id": 210204,
          "cpi_name": "dry spaghetti or pasta 500g"
        },
        {
          "date": "2024-06-19",
          "price": 0.95,
          "unit_price": "£1.90 / kg",
          "loyalty_price": null,
          "original_price": 1.35,
          "store_id": "Store 6",
          "product_id": 197521,
          "cpi_id": 210204,
          "cpi_name": "dry spaghetti or pasta 500g"
        },
        {
          "date": "2024-10-28",
          "price": 1.25,
          "unit_price": "£3.13/kg",
          "loyalty_price": null,
          "original_price": null,
          "store_id": "Store 2",
          "product_id": 87925,
          "cpi_id": 210204,
          "cpi_name": "dry spaghetti or pasta 500g"
        },
        {
          "date": "2024-09-10",
          "price": 0.75,
          "unit_price": "£1.50 / kg",
          "loyalty_price": null,
          "original_price": 0.75,
          "store_id": "Store 4",
          "product_id": 24803,
          "cpi_id": 210204,
          "cpi_name": "dry spaghetti or pasta 500g"
        },
        {
          "date": "2024-09-24",
          "price": 0.42,
          "unit_price": "£1.06/kg",
          "loyalty_price": null,
          "original_price": null,
          "store_id": "Store 1",
          "product_id": 33582,
          "cpi_id": 210204,
          "cpi_name": "dry spaghetti or pasta 500g"
        },
        {
          "date": "2024-08-14",
          "price": 1.75,
          "unit_price": "£3.50/kg",
          "loyalty_price": null,
          "original_price": null,
          "store_id": "Store 2",
          "product_id": 128940,
          "cpi_id": 210204,
          "cpi_name": "dry spaghetti or pasta 500g"
        },
        {
          "date": "2024-08-15",
          "price": 2.49,
          "unit_price": "£6.23 / kg",
          "loyalty_price": null,
          "original_price": 2.49,
          "store_id": "Store 4",
          "product_id": 24788,
          "cpi_id": 210204,
          "cpi_name": "dry spaghetti or pasta 500g"
        },
        {
          "date": "2024-10-29",
          "price": 3.5,
          "unit_price": "8.75 / kg",
          "loyalty_price": null,
          "original_price": null,
          "store_id": "Store 5",
          "product_id": 244800,
          "cpi_id": 210204,
          "cpi_name": "dry spaghetti or pasta 500g"
        },
        {
          "date": "2024-04-07",
          "price": 0.43,
          "unit_price": "£0.43 each",
          "loyalty_price": null,
          "original_price": 0.43,
          "store_id": "Store 4",
          "product_id": 22938,
          "cpi_id": 210204,
          "cpi_name": "dry spaghetti or pasta 500g"
        },
        {
          "date": "2024-10-28",
          "price": 4.5,
          "unit_price": "£1.50 / kg",
          "loyalty_price": null,
          "original_price": 4.5,
          "store_id": "Store 6",
          "product_id": 48562,
          "cpi_id": 210204,
          "cpi_name": "dry spaghetti or pasta 500g"
        },
        {
          "date": "2024-06-03",
          "price": 1,
          "unit_price": "£2.50/kg",
          "loyalty_price": null,
          "original_price": null,
          "store_id": "Store 1",
          "product_id": 33655,
          "cpi_id": 210204,
          "cpi_name": "dry spaghetti or pasta 500g"
        },
        {
          "date": "2024-08-04",
          "price": 2.49,
          "unit_price": "£6.23 / kg",
          "loyalty_price": null,
          "original_price": 2.49,
          "store_id": "Store 4",
          "product_id": 24783,
          "cpi_id": 210204,
          "cpi_name": "dry spaghetti or pasta 500g"
        },
        {
          "date": "2024-07-17",
          "price": 3.75,
          "unit_price": "9.38 per kg",
          "loyalty_price": null,
          "original_price": null,
          "store_id": "Store 3",
          "product_id": 233557,
          "cpi_id": 210204,
          "cpi_name": "dry spaghetti or pasta 500g"
        },
        {
          "date": "2024-09-01",
          "price": 0.75,
          "unit_price": "£1.50 / kg",
          "loyalty_price": null,
          "original_price": 0.75,
          "store_id": "Store 6",
          "product_id": 155271,
          "cpi_id": 210204,
          "cpi_name": "dry spaghetti or pasta 500g"
        },
        {
          "date": "2024-05-21",
          "price": 3.5,
          "unit_price": "£2.19/kg",
          "loyalty_price": null,
          "original_price": null,
          "store_id": "Store 2",
          "product_id": 221300,
          "cpi_id": 210204,
          "cpi_name": "dry spaghetti or pasta 500g"
        },
        {
          "date": "2024-07-13",
          "price": 1.2,
          "unit_price": "£2.40/kg",
          "loyalty_price": null,
          "original_price": null,
          "store_id": "Store 1",
          "product_id": 14641,
          "cpi_id": 210204,
          "cpi_name": "dry spaghetti or pasta 500g"
        },
        {
          "date": "2024-04-14",
          "price": 1.75,
          "unit_price": "£3.50/kg",
          "loyalty_price": null,
          "original_price": 1.9,
          "store_id": "Store 2",
          "product_id": 240365,
          "cpi_id": 210204,
          "cpi_name": "dry spaghetti or pasta 500g"
        },
        {
          "date": "2024-06-01",
          "price": 3.5,
          "unit_price": "£9.73/kg",
          "loyalty_price": null,
          "original_price": null,
          "store_id": "Store 2",
          "product_id": 229540,
          "cpi_id": 210204,
          "cpi_name": "dry spaghetti or pasta 500g"
        },
        {
          "date": "2024-10-29",
          "price": 0.69,
          "unit_price": "0.14 / 100g",
          "loyalty_price": null,
          "original_price": null,
          "store_id": "Store 5",
          "product_id": 214261,
          "cpi_id": 210204,
          "cpi_name": "dry spaghetti or pasta 500g"
        },
        {
          "date": "2024-08-24",
          "price": 1.69,
          "unit_price": "£0.89 / 100g",
          "loyalty_price": null,
          "original_price": 1.69,
          "store_id": "Store 4",
          "product_id": 22441,
          "cpi_id": 210204,
          "cpi_name": "dry spaghetti or pasta 500g"
        },
        {
          "date": "2024-04-22",
          "price": 2.99,
          "unit_price": "£0.75 / 100g",
          "loyalty_price": null,
          "original_price": 2.99,
          "store_id": "Store 4",
          "product_id": 21202,
          "cpi_id": 210204,
          "cpi_name": "dry spaghetti or pasta 500g"
        },
        {
          "date": "2024-07-24",
          "price": 3.5,
          "unit_price": "£8.75/kg",
          "loyalty_price": null,
          "original_price": null,
          "store_id": "Store 2",
          "product_id": 99454,
          "cpi_id": 210204,
          "cpi_name": "dry spaghetti or pasta 500g"
        },
        {
          "date": "2024-04-13",
          "price": 2.85,
          "unit_price": "£1.78 per 1 kilogram",
          "loyalty_price": null,
          "original_price": null,
          "store_id": "Store 7",
          "product_id": 142412,
          "cpi_id": 210204,
          "cpi_name": "dry spaghetti or pasta 500g"
        },
        {
          "date": "2024-09-24",
          "price": 1.4,
          "unit_price": "£2.80/kg",
          "loyalty_price": null,
          "original_price": 1.75,
          "store_id": "Store 2",
          "product_id": 213379,
          "cpi_id": 210204,
          "cpi_name": "dry spaghetti or pasta 500g"
        },
        {
          "date": "2024-09-05",
          "price": 2.25,
          "unit_price": "£4.50 / kg",
          "loyalty_price": null,
          "original_price": 2.25,
          "store_id": "Store 6",
          "product_id": 126326,
          "cpi_id": 210204,
          "cpi_name": "dry spaghetti or pasta 500g"
        },
        {
          "date": "2024-07-14",
          "price": 1,
          "unit_price": "£2.00/kg",
          "loyalty_price": null,
          "original_price": null,
          "store_id": "Store 1",
          "product_id": 31031,
          "cpi_id": 210204,
          "cpi_name": "dry spaghetti or pasta 500g"
        },
        {
          "date": "2024-10-23",
          "price": 2,
          "unit_price": "£4.00 / kg",
          "loyalty_price": null,
          "original_price": 2,
          "store_id": "Store 6",
          "product_id": 70398,
          "cpi_id": 210204,
          "cpi_name": "dry spaghetti or pasta 500g"
        },
        {
          "date": "2024-04-24",
          "price": 1.65,
          "unit_price": "£3.30 / kg",
          "loyalty_price": null,
          "original_price": 1.65,
          "store_id": "Store 6",
          "product_id": 249061,
          "cpi_id": 210204,
          "cpi_name": "dry spaghetti or pasta 500g"
        },
        {
          "date": "2024-09-25",
          "price": 0.75,
          "unit_price": "£1.50/kg",
          "loyalty_price": null,
          "original_price": null,
          "store_id": "Store 1",
          "product_id": 53138,
          "cpi_id": 210204,
          "cpi_name": "dry spaghetti or pasta 500g"
        },
        {
          "date": "2024-05-08",
          "price": 2.3,
          "unit_price": "£4.60/kg",
          "loyalty_price": null,
          "original_price": null,
          "store_id": "Store 2",
          "product_id": 44055,
          "cpi_id": 210204,
          "cpi_name": "dry spaghetti or pasta 500g"
        },
        {
          "date": "2024-07-08",
          "price": 0.75,
          "unit_price": "£1.50 / kg",
          "loyalty_price": null,
          "original_price": 0.75,
          "store_id": "Store 4",
          "product_id": 26517,
          "cpi_id": 210204,
          "cpi_name": "dry spaghetti or pasta 500g"
        },
        {
          "date": "2024-04-11",
          "price": 2.49,
          "unit_price": "£0.62 / 100g",
          "loyalty_price": null,
          "original_price": 2.49,
          "store_id": "Store 4",
          "product_id": 24778,
          "cpi_id": 210204,
          "cpi_name": "dry spaghetti or pasta 500g"
        }
      ]
    }
  }
